<?xml version="1.0" encoding="UTF-8"?>
<record xmlns="http://www.loc.gov/MARC21/slim" xmlns:xsi="http://www.w3.org/2001/XMLSchema-instance" xsi:schemaLocation="http://www.loc.gov/MARC21/slim http://www.loc.gov/standards/marcxml/schema/MARC21slim.xsd">
<leader>00000cam a22      a 4500</leader>
<controlfield tag="001">001676398</controlfield>
<controlfield tag="003">NNU</controlfield>
<controlfield tag="005">20150728173239.0</controlfield>
<controlfield tag="008">890404m19481950le ch         001 0 arard</controlfield>
<datafield tag="010" ind1=" " ind2=" ">
<subfield code="a">   71248915</subfield>
</datafield>
<datafield tag="035" ind1=" " ind2=" ">
<subfield code="a">(OCoLC)43746018</subfield>
</datafield>
<datafield tag="040" ind1=" " ind2=" ">
<subfield code="a">EQO</subfield>
<subfield code="b">eng</subfield>
<subfield code="c">EQO</subfield>
<subfield code="d">OCLCQ</subfield>
<subfield code="d">COO</subfield>
<subfield code="d">IUL</subfield>
<subfield code="d">LGG</subfield>
<subfield code="d">OCLCF</subfield>
<subfield code="d">OCLCQ</subfield>
<subfield code="d">NNU</subfield>
</datafield>
<datafield tag="043" ind1=" " ind2=" ">
<subfield code="a">ma-----</subfield>
</datafield>
<datafield tag="050" ind1=" " ind2="4">
<subfield code="a">DS37.7</subfield>
<subfield code="b">.B38 1948</subfield>
</datafield>
<datafield tag="100" ind1="1" ind2=" ">
<subfield code="6">880-01</subfield>
<subfield code="a">Bayyuhum, Muḥammad Jamīl.</subfield>
</datafield>
<datafield tag="245" ind1="1" ind2="0">
<subfield code="6">880-02</subfield>
<subfield code="a">Qawāfil al-ʻUrūbah wa-mawakibuhā khilāl al-ʻuṣūr /</subfield>
<subfield code="c">Muḥammad Jamīl Bayhum.</subfield>
</datafield>
<datafield tag="260" ind1=" " ind2=" ">
<subfield code="6">880-03</subfield>
<subfield code="a">Bayrūt :</subfield>
<subfield code="b">Maṭbaʻat al-Kashshāf,</subfield>
<subfield code="c">1948-1950.</subfield>
</datafield>
<datafield tag="300" ind1=" " ind2=" ">
<subfield code="a">2 volumes :</subfield>
<subfield code="b">facsimiles, portraits ;</subfield>
<subfield code="c">25 cm</subfield>
</datafield>
<datafield tag="336" ind1=" " ind2=" ">
<subfield code="a">text</subfield>
<subfield code="b">txt</subfield>
<subfield code="2">rdacontent</subfield>
</datafield>
<datafield tag="337" ind1=" " ind2=" ">
<subfield code="a">unmediated</subfield>
<subfield code="b">n</subfield>
<subfield code="2">rdamedia</subfield>
</datafield>
<datafield tag="338" ind1=" " ind2=" ">
<subfield code="a">volume</subfield>
<subfield code="b">nc</subfield>
<subfield code="2">rdacarrier</subfield>
</datafield>
<datafield tag="500" ind1=" " ind2=" ">
<subfield code="a">Includes index.</subfield>
</datafield>
<datafield tag="505" ind1="1" ind2=" ">
<subfield code="6">880-04</subfield>
<subfield code="a">al-juzʼ 2. Miṣr al-yaqaẓah wa-taṭawwur al-waʻy.</subfield>
</datafield>
<datafield tag="651" ind1=" " ind2="0">
<subfield code="a">Arab countries</subfield>
<subfield code="x">History.</subfield>
</datafield>
<datafield tag="651" ind1=" " ind2="7">
<subfield code="a">Arab countries.</subfield>
<subfield code="2">fast</subfield>
<subfield code="0">(OCoLC)fst01240128</subfield>
</datafield>
<datafield tag="655" ind1=" " ind2="7">
<subfield code="a">History.</subfield>
<subfield code="2">fast</subfield>
<subfield code="0">(OCoLC)fst01411628</subfield>
</datafield>
<datafield tag="776" ind1="0" ind2="8">
<subfield code="i">Online version:</subfield>
<subfield code="a">Bayyuhum, Muḥammad Jamīl.</subfield>
<subfield code="t">Qawāfil al-ʻUrūbah wa-mawakibuhā khilāl al-ʻuṣūr.</subfield>
<subfield code="d">Bayrūt : Maṭbaʻat al-Kashshāf, [1948-50]</subfield>
<subfield code="w">(OCoLC)574855996</subfield>
</datafield>
<datafield tag="880" ind1="1" ind2=" ">
<subfield code="6">100-01/</subfield>
<subfield code="a">بيهم، محمد جميل.</subfield>
</datafield>
<datafield tag="880" ind1="1" ind2="0">
<subfield code="6">245-02/</subfield>
<subfield code="a">قوافل العروبة وموكبها خلال العصور /</subfield>
<subfield code="c">محمد جميل بيهم.</subfield>
</datafield>
<datafield tag="880" ind1=" " ind2=" ">
<subfield code="6">260-03/</subfield>
<subfield code="a">بيروت :</subfield>
<subfield code="b">مطبعة الكشاف،</subfield>
<subfield code="c">[1948-50]</subfield>
</datafield>
<datafield tag="880" ind1="1" ind2=" ">
<subfield code="6">505-04/</subfield>
<subfield code="a">الجزء 2. مصر اليقظة وتطور الوعي.</subfield>
</datafield>
<datafield tag="OWN" ind1=" " ind2=" ">
<subfield code="a">GENERAL</subfield>
</datafield>
<datafield tag="AVA" ind1=" " ind2=" ">
<subfield code="a">NYU50</subfield>
<subfield code="b">BOBST</subfield>
<subfield code="c">Main Collection</subfield>
<subfield code="d">DS63 .B35</subfield>
<subfield code="e">unavailable</subfield>
<subfield code="t">Unavailable</subfield>
<subfield code="f">2</subfield>
<subfield code="g">2</subfield>
<subfield code="h">Y</subfield>
<subfield code="i">0</subfield>
<subfield code="j">MAIN</subfield>
<subfield code="k">0</subfield>
</datafield>
</record>
